<record><leader>00000cas a22000007a 4500</leader><controlfield tag="001">19840742</controlfield><controlfield tag="008">890609d191u1921txuwr ne      0   a0eng d</controlfield><datafield ind1=" " ind2=" " tag="010"><subfield code="a">sn 89070104 </subfield></datafield><datafield ind1=" " ind2=" " tag="040"><subfield code="a">YOX</subfield><subfield code="b">eng</subfield><subfield code="c">YOX</subfield><subfield code="d">MGN</subfield><subfield code="d">PPM</subfield><subfield code="d">OCLCQ</subfield><subfield code="d">KRTAS</subfield><subfield code="d">OCLCQ</subfield><subfield code="d">DLC</subfield><subfield code="d">OCLCF</subfield><subfield code="d">OCL</subfield></datafield><datafield ind1="0" ind2=" " tag="022"><subfield code="a">2331-6578</subfield><subfield code="2">1</subfield></datafield><datafield ind1=" " ind2=" " tag="042"><subfield code="a">msc</subfield><subfield code="a">nsdp</subfield></datafield><datafield ind1=" " ind2=" " tag="043"><subfield code="a">n-us-tx</subfield><subfield code="a">n-ust--</subfield><subfield code="a">n-usu--</subfield></datafield><datafield ind1="0" ind2="0" tag="050"><subfield code="a">Newspaper</subfield></datafield><datafield ind1="0" ind2="0" tag="082"><subfield code="a">071</subfield><subfield code="2">23</subfield></datafield><datafield ind1="0" ind2=" " tag="130"><subfield code="a">Jewish monitor (Fort Worth, Tex.)</subfield></datafield><datafield ind1=" " ind2="4" tag="222"><subfield code="a">The Jewish monitor</subfield><subfield code="b">(Fort Worth, Tex. Print)</subfield></datafield><datafield ind1="1" ind2="4" tag="245"><subfield code="a">The Jewish monitor.</subfield></datafield><datafield ind1=" " ind2=" " tag="260"><subfield code="a">Fort Worth-Dallas, Tex. :</subfield><subfield code="b">[s.n.]</subfield></datafield><datafield ind1=" " ind2=" " tag="300"><subfield code="a">v.</subfield></datafield><datafield ind1=" " ind2=" " tag="310"><subfield code="a">Weekly</subfield></datafield><datafield ind1="0" ind2=" " tag="362"><subfield code="a">-v. 9, no. 22 (Sep. 16, 1921).</subfield></datafield><datafield ind1=" " ind2=" " tag="530"><subfield code="a">Archived issues are available in digital format as part of the Library of Congress Chronicling America online collection.</subfield></datafield><datafield ind1=" " ind2=" " tag="588"><subfield code="a">Description based on: Vol. 6, no. 22 (Aug. 10, 1917).</subfield></datafield><datafield ind1=" " ind2="0" tag="650"><subfield code="a">Jewish newspapers</subfield><subfield code="z">Texas</subfield><subfield code="z">Fort Worth.</subfield></datafield><datafield ind1=" " ind2="0" tag="650"><subfield code="a">Jewish newspapers</subfield><subfield code="z">Southwestern States.</subfield></datafield><datafield ind1=" " ind2="0" tag="651"><subfield code="a">Fort Worth (Tex.)</subfield><subfield code="v">Newspapers.</subfield></datafield><datafield ind1=" " ind2="7" tag="650"><subfield code="a">Jewish newspapers.</subfield><subfield code="2">fast</subfield><subfield code="0">(OCoLC)fst00982872</subfield></datafield><datafield ind1=" " ind2="7" tag="651"><subfield code="a">Texas</subfield><subfield code="z">Fort Worth.</subfield><subfield code="2">fast</subfield><subfield code="0">(OCoLC)fst01204692</subfield></datafield><datafield ind1=" " ind2="7" tag="651"><subfield code="a">United States</subfield><subfield code="z">Southwestern States.</subfield><subfield code="2">fast</subfield><subfield code="0">(OCoLC)fst01244559</subfield></datafield><datafield ind1=" " ind2="7" tag="655"><subfield code="a">Newspapers.</subfield><subfield code="2">fast</subfield><subfield code="0">(OCoLC)fst01423814</subfield></datafield><datafield ind1=" " ind2=" " tag="752"><subfield code="a">United States</subfield><subfield code="b">Texas</subfield><subfield code="c">Tarrant</subfield><subfield code="d">Fort Worth.</subfield></datafield><datafield ind1="0" ind2="8" tag="776"><subfield code="i">Online version:</subfield><subfield code="t">Jewish monitor (Fort Worth, Tex. : Online)</subfield><subfield code="x">2331-6586</subfield><subfield code="w">(DLC)  2013272051</subfield><subfield code="w">(OCoLC)861291396</subfield></datafield><datafield ind1="0" ind2="0" tag="785"><subfield code="t">Jewish monitor and Jewish weekly</subfield><subfield code="w">(DLC)sn 97065908</subfield><subfield code="w">(OCoLC)36869303</subfield></datafield><datafield ind1="4" ind2="1" tag="856"><subfield code="u">http://chroniclingamerica.loc.gov/lccn/sn89070104/issues</subfield></datafield><datafield ind1=" " ind2=" " tag="938"><subfield code="a">Kirtas Technologies, Inc.</subfield><subfield code="b">KRTS</subfield><subfield code="n">740307</subfield></datafield><datafield ind1="1" ind2=" " tag="029"><subfield code="a">AU@</subfield><subfield code="b">000020562284</subfield></datafield></record>